@Misc{wikiAES,
	ALTauthor = {anonymous},
	ALTeditor = {Wikimedia Foundation},
	title = {Advanced Encryption Standard},
	urldate = {April 11, 2017},
	url = {https://en.wikipedia.org/wiki/Advanced\_Encryption\_Standard}}

@Misc{wikiFeistel,
	ALTauthor = {anonymous},
	ALTeditor = {Wikimedia Foundation},
	title = {Feistel cipher},
	urldate = {April 19, 2017},
	urldate = {https://en.wikipedia.org/wiki/Feistel\_cipher}}
	
@Misc{wikiSubstPermNet,
	ALTauthor = {anonymous},
	ALTeditor = {Wikimedia Foundation},
	title = {Substitution-permutation network},
	urldate = {April 19, 2017},
	url = {https://en.wikipedia.org/wiki/Substitution-permutation\_network}}

@Misc{PuMaC2016,
	ALTauthor = {anonymous},
	ALTeditor = {Princeton University},
	title = {PUMaC 2016 Power round},
	urldate = {April 19, 2017},
	url = {https://pumac.princeton.edu/blog/2016/11/pumac-2016-power-round-released/}}

@Misc{cryptoNetworkSlides,
	key={StBr2014}
	author={William Stalling, Lawrie Brown},
	editor = {Slides Share},
	title = {Cryptography and Network Security Chapter 3},
	OPTyear= {2017}
	OPTmonth={April}
	OPTdate = {April 19, 2017},
	OPThowpublished={https://www.slideshare.net/natemiller67/cryptography-and-network-security-william-stallings-lawrie-brown}}

